<?xml version="1.0" encoding="UTF-8"?><collection xmlns="http://www.loc.gov/MARC21/slim"><record><leader>00507nam--2200169-i-4500</leader><controlfield tag="001">000043114</controlfield><controlfield tag="002">20161230</controlfield><controlfield tag="005">20161230201043</controlfield><controlfield tag="008">060222s1000------------r-----000-0-eng-d</controlfield><datafield ind1=" " ind2=" " tag="040"><subfield code="a">IFIN-HH</subfield></datafield><datafield ind1=" " ind2=" " tag="080"><subfield code="a">538.95:669.017.1(075.9)</subfield></datafield><datafield ind1="1" ind2=" " tag="110"><subfield code="a">Institute Of Molecular Physics</subfield></datafield><datafield ind1="1" ind2="0" tag="245"><subfield code="a">Summer school on the theory of magnetic alloys, blasejewko, september 7-13, 1980</subfield></datafield><datafield ind1=" " ind2=" " tag="260"><subfield code="a">Poznan</subfield><subfield code="b">Institute Of Molecular Physics</subfield><subfield code="c">1980</subfield></datafield><datafield ind1=" " ind2=" " tag="300"><subfield code="a">184 P</subfield></datafield><datafield ind1=" " ind2=" " tag="852"><subfield code="a">75747</subfield><subfield code="c">539.2</subfield></datafield><datafield ind1=" " ind2=" " tag="CAT"><subfield code="a">Sys</subfield><subfield code="c">20121127</subfield><subfield code="h">114206</subfield></datafield></record></collection>